
@misc{sst,
 author = {Good, Simon and Fiedler, Emma and Mao, Chongyuan and Martin, Matthew J. and Maycock, Adam and Reid, Rebecca and Roberts-Jones, Jonah and Searle, Toby and Waters, Jennifer and While, James and Worsfold, Mark},
 title = {ESA SST CCI and C3S reprocessed sea surface temperature analyses},
 howpublished = {E.U. Copernicus Marine Service Information [dataset]},
 year = {2020},
 doi = {10.48670/moi-00169}
}

@misc{chl,
 author = {Maritorena, S. and Hembise Fanton dâ€™Andon, O. and Mangin, A. and Siege, D. A.},
 title = {Global Ocean Colour (Copernicus-GlobColour), Bio-Geo-Chemical, L3 (daily) from Satellite Observations (1997-ongoing)},
 howpublished = {E.U. Copernicus Marine Service Information [dataset]},
 year = {2021},
 doi = {10.48670/moi-00280}
}
