
@Software{numpy,
  shorttitle = {NumPy},
  title = {The fundamental package for scientific computing with Python},
  version = {1.23},
  author = {Contributeur·ices},
  type = {paquet Python},
  url = {https://numpy.org},
}

@Software{scipy,
  shorttitle = {SciPy},
  title = {Fundamental algorithms for scientific computing in Python},
  version = {1.9},
  author = {Contributeur·ices},
  type = {paquet Python},
  url = {https://scipy.org},
}

@Software{pandas,
  shorttitle = {pandas},
  title = {powerful Python data analysis toolkit},
  author = {Contributeur·ices},
  publisher = {Sponsorisé par {NumFOCUS}},
  version = {1.5},
  type = {paquet python},
  url = {https://pandas.pydata.org},
}

@Software{xarray,
  shorttitle = {Xarray},
  title = {N-D labeled arrays and datasets},
  author = {Contributeur·ices},
  publisher = {Sponsorisé par {NumFOCUS}},
  version = {2022.10},
  type = {paquet Python},
  url = {https://xarray.dev},
}

@Software{dask,
  shorttitle = {Dask},
  title = {Flexible parallel computing library for analytics},
  version = {2022.10},
  author = {Contributeur·ices},
  type = {paquet Python},
  url = {https://www.dask.org},
}

@Software{xhistogram,
  shorttitle = {xhistogram},
  title = {Fast, flexible, label-aware histograms for numpy and xarray},
  version = {0.3},
  author = {Contributeur·ices},
  type = {paquet Python},
  url = {https://github.com/xgcm/xhistogram},
}

@Software{dask-histogram,
  shorttitle = {dask-histogram},
  title = {Histograms with task scheduling},
  version = {2022.9},
  author = {Contributeur·ices},
  type = {paquet Python},
  url = {https://github.com/dask-contrib/dask-histogram},
}

@Software{boost,
  shorttitle = {Boost},
  title = {Python bindings for the C++14 {Boost::Histogram} library},
  version = {1.3},
  author = {Contributeur·ices},
  type = {paquet Python},
  url = {https://github.com/scikit-hep/boost-histogram},
}

@Software{matplotlib,
  shorttitle = {Matplotlib},
  title = {Visualization with Python},
  version = {3.6},
  author = {Contributeur·ices},
  publisher = {Sponsorisé par {NumFOCUS}},
  type = {paquet Python},
  url = {https://matplotlib.org},
}

@Software{cartopy,
  shorttitle = {Cartopy},
  title = {A cartographic Python library with matplotlib support},
  version = {0.21},
  author = {{Met Office} and Contributeur·ices},
  type = {paquet Python},
  url = {https://scitools.org.uk/cartopy},
}

@Software{cmocean,
  shorttitle = {cmocean},
  title = {Beautiful colormaps for oceanography},
  version = {2},
  author = {Thyng, Kristen},
  type = {paquet Python},
  url = {https://matplotlib.org/cmocean},
}

@Software{ipython,
  shorttitle = {IPython},
  title = {Productive interactive computing},
  version = {8.7},
  author = {Contributeur·ices},
  type = {paquet Python},
  url = {https://github.com/ipython/ipython},
}

@Software{mamba,
  shorttitle = {Mamba},
  title = {The fast cross-platform package manager},
  version = {0.25},
  author = {{QuantStack} and Contributeur·ices},
  type = {programme, gestionnaire de paquets},
  url = {https://github.com/mamba-org/mamba},
}

@Software{conda-forge,
  shorttitle = {Conda-Forge},
  title = {A community-led collection of recipes, build infrastructure and distributions for the conda package manager},
  version = {4.14},
  author = {Contributeur·ices and {Voltron Data} and {Lab 49}
    and {QuantStack} and {Anaconda} and {Integrated Ocean Observing System}
    and {nVidia} and {Quantsight}},
  publisher = {Sponsorisé fiscalement par NumFOCUS, nVidia.
    Infrastructure sponsorisée par Anaconda, Open Source Lab, Oracle Cloud, MacStadium, OVHCloud},
  type = {distribution de paquets},
  url = {https://conda-forge.org},
}

@Software{doom,
  shorttitle = {Doom Emacs},
  title = {An Emacs framework for the stubborn martian hacker},
  author = {Lissner, Henrik and Contributeur·ices},
  type = {framework de configuration pour {GNU~Emacs}},
  url = {https://github.com/doomemacs/doomemacs},
}

@Software{cf-xarray,
  shorttitle = {CF-Xarray},
  title = {An accessor for Xarray objects that interprets CF attributes},
  author = {Contributeur·ices},
  version = {0.7},
  type = {paquet Python},
  url = {https://github.com/xarray-contrib/cf-xarray},
}

@Software{nco,
  shorttitle = {NCO},
  title = {netCDF Operators},
  author = {Zender, Charlie and Butowsky, Henry and Vicente, Pedro
    and Dr. Capps, Scott and Jenks, Stephen
    and Dr. Wang, Daniel and Dr. Wang, Wenshan and others},
  type = {suite de programmes},
  version = {5.1},
  url = {https://nco.sourceforge.net/},
}

@Software{juno,
  shorttitle = {JUNO-FDA},
  title = {JUNO - Front Detection Algorithms},
  author = {Figueiredo, Luís and Lureiro, Nuno and Fonteles, Caio and Mendes, Renato},
  publisher = {+Atlantic CoLAB and Faculdade de Engenharia Universidade do Porto and JUNO - Robotic exploration of Atlantic waters and Fundação Luso-Americana Para o Desenvolvimento},
  type = {suite de programmes},
  url = {https://github.com/CoLAB-ATLANTIC/JUNO}
}

@Software{filefinder,
  shorttitle = {FileFinder},
  title = {Find files using a simple syntax},
  version = {0.5},
  keywords = {personnal},
  type = {paquet Python},
  url = {https://github.com/Descanonge/filefinder},
  pypi = {filefinder},
}

@Software{xarray-histogram,
  shorttitle = {Xarray-Histogram},
  title = {Compute histograms from Xarray data using {Boost::Histogram}},
  keywords = {personnal},
  type = {paquet Python},
  url = {https://github.com/Descanonge/xarray-histogram},
}

@Software{tol-colors,
  shorttitle = {Tol-Colors},
  title = {Color schemes for lines and maps, color-blind safe},
  version = {1.2},
  keywords = {personnal},
  type = {paquet Python},
  url = {https://github.com/Descanonge/tol_colors},
  pypi = {tol-colors},
}

@Software{dateloop,
  shorttitle = {Dateloop},
  title = {Loop between dates in bash},
  keywords = {personnal},
  type = {commande Bash},
  url = {https://github.com/Descanonge/dateloop},
}
