@article{bock_2022,
  title = {Biogeographical {{Classification}} of the {{Global Ocean From BGC}}‐{{Argo Floats}}},
  author = {Bock, Nicholas and Cornec, Marin and Claustre, Hervé and Duhamel, Solange},
  date = {2022-06},
  journaltitle = {Global Biogeochemical Cycles},
  shortjournal = {Global Biogeochem Cycles},
  volume = {36},
  number = {6},
  eprint = {35865129},
  eprinttype = {pmid},
  pages = {e2021GB007233},
  issn = {0886-6236},
  doi = {10.1029/2021GB007233},
  url = {https://www.ncbi.nlm.nih.gov/pmc/articles/PMC9287098/},
  pmcid = {PMC9287098}
}

@article{chin_2017,
  title = {A Multi-Scale High-Resolution Analysis of Global Sea Surface Temperature},
  author = {Chin, Toshio Michael and Vazquez-Cuervo, Jorge and Armstrong, Edward M.},
  date = {2017-10},
  journaltitle = {Remote Sensing of Environment},
  shortjournal = {Remote Sensing of Environment},
  volume = {200},
  pages = {154--169},
  issn = {00344257},
  doi = {10.1016/j.rse.2017.07.029},
  url = {https://linkinghub.elsevier.com/retrieve/pii/S0034425717303462},
  langid = {english}
}

@dataset{chl_modis,
  title = {Moderate-Resolution {{Imaging Spectroradiometer}} ({{MODIS}}) {{Aqua Ocean Color Data}}; 2018 {{Reprocessing}}},
  author = {{NASA Goddard Space Flight Center, Ocean Ecology Laboratory, Ocean Biology Processing Group}},
  date = {2018},
  publisher = {{NASA OB.DAAC, Greenbelt, MD, USA}},
  doi = {10.5067/ORBVIEW-2/SEAWIFS/L2/OC/2018},
  url = {https://oceancolor.gsfc.nasa.gov/data/10.5067/ORBVIEW-2/SEAWIFS/L2/OC/2018}
}

@article{fiedler_2019,
  title = {Improvements to Feature Resolution in the {{OSTIA}} Sea Surface Temperature Analysis Using the {{NEMOVAR}} Assimilation Scheme},
  author = {Fiedler, E. K. and Mao, C. and Good, S. A. and Waters, J. and Martin, M. J.},
  date = {2019},
  journaltitle = {Quarterly Journal of the Royal Meteorological Society},
  volume = {145},
  number = {725},
  pages = {3609--3625},
  issn = {1477-870X},
  doi = {10.1002/qj.3644},
  url = {https://onlinelibrary.wiley.com/doi/abs/10.1002/qj.3644},
  langid = {english},
  annotation = {\_eprint: https://onlinelibrary.wiley.com/doi/pdf/10.1002/qj.3644}
}

@article{kilpatrick_2015,
  title = {A Decade of Sea Surface Temperature from {{MODIS}}},
  author = {Kilpatrick, K.A. and Podestá, G. and Walsh, S. and Williams, E. and Halliwell, V. and Szczodrak, M. and Brown, O.B. and Minnett, P.J. and Evans, R.},
  date = {2015-08},
  journaltitle = {Remote Sensing of Environment},
  shortjournal = {Remote Sensing of Environment},
  volume = {165},
  pages = {27--41},
  issn = {00344257},
  doi = {10.1016/j.rse.2015.04.023},
  url = {https://linkinghub.elsevier.com/retrieve/pii/S0034425715001650},
  langid = {english}
}

@article{liu_2016,
  title = {Enhancement of Phytoplankton Chlorophyll by Submesoscale Frontal Dynamics in the {{North Pacific Subtropical Gyre}}},
  author = {Liu, Xiao and Levine, Naomi M.},
  date = {2016},
  journaltitle = {Geophysical Research Letters},
  volume = {43},
  number = {4},
  pages = {1651--1659},
  issn = {1944-8007},
  doi = {10.1002/2015gl066996},
  url = {https://agupubs.onlinelibrary.wiley.com/doi/abs/10.1002/2015GL066996},
  langid = {english}
}

@article{mahadevan_2012,
  title = {Eddy-{{Driven Stratification Initiates North Atlantic Spring Phytoplankton Blooms}}},
  author = {Mahadevan, Amala and D’Asaro, Eric and Lee, Craig and Perry, Mary Jane},
  date = {2012-07-06},
  journaltitle = {Science},
  volume = {337},
  number = {6090},
  eprint = {22767922},
  eprinttype = {pmid},
  pages = {54--58},
  publisher = {{American Association for the Advancement of Science}},
  issn = {0036-8075, 1095-9203},
  doi = {10.1126/science.1218740},
  url = {https://science.sciencemag.org/content/337/6090/54},
  langid = {english}
}

@article{merchant_2019,
  title = {Satellite-Based Time-Series of Sea-Surface Temperature since 1981 for Climate Applications},
  author = {Merchant, Christopher J. and Embury, Owen and Bulgin, Claire E. and Block, Thomas and Corlett, Gary K. and Fiedler, Emma and Good, Simon A. and Mittaz, Jonathan and Rayner, Nick A. and Berry, David and Eastwood, Steinar and Taylor, Michael and Tsushima, Yoko and Waterfall, Alison and Wilson, Ruth and Donlon, Craig},
  date = {2019-10-22},
  journaltitle = {Scientific Data},
  shortjournal = {Sci Data},
  volume = {6},
  number = {1},
  pages = {223},
  publisher = {{Nature Publishing Group}},
  issn = {2052-4463},
  doi = {10.1038/s41597-019-0236-x},
  url = {https://www.nature.com/articles/s41597-019-0236-x},
  issue = {1},
  langid = {english}
}

@article{sarmiento_2004,
  title = {Response of Ocean Ecosystems to Climate Warming},
  author = {Sarmiento, J. L. and Slater, R. and Barber, R. and Bopp, L. and Doney, S. C. and Hirst, A. C. and Kleypas, J. and Matear, R. and Mikolajewicz, U. and Monfray, P. and Soldatov, V. and Spall, S. A. and Stouffer, R.},
  date = {2004},
  journaltitle = {Global Biogeochemical Cycles},
  volume = {18},
  number = {3},
  issn = {1944-9224},
  doi = {10.1029/2003GB002134},
  url = {https://onlinelibrary.wiley.com/doi/abs/10.1029/2003GB002134},
  langid = {english},
  annotation = {\_eprint: https://onlinelibrary.wiley.com/doi/pdf/10.1029/2003GB002134}
}

@dataset{sst_modis,
  title = {{{MODIS Aqua L2P}} Swath {{SST}} Data Set. {{Ver}}. 2019.0},
  author = {{JPL/OBPG/RSMAS}},
  date = {2020},
  publisher = {{PO.DAAC, CA, USA}},
  doi = {10.5067/GHMDA-2PJ19},
  url = {https://podaac.jpl.nasa.gov/dataset/MODIS_A-JPL-L2P-v2019.0}
}

@dataset{sst_mur,
  title = {{{GHRSST Level}} 4 {{MUR Global Foundation Sea Surface Temperature Analysis}}. {{Ver}}. 4.1},
  author = {{JPL MUR MEaSUREs Project}},
  date = {2015},
  publisher = {{PO.DAAC, CA, USA}},
  doi = {10.5067/GHGMR-4FJ04},
  url = {http://podaac.jpl.nasa.gov/dataset/MUR-JPL-L4-GLOB-v4.1}
}
